<?xml version="1.0" encoding="UTF-8"?><record xmlns="http://www.loc.gov/MARC21/slim" xmlns:cinclude="http://apache.org/cocoon/include/1.0" xmlns:zs="http://www.loc.gov/zing/srw/">
  <leader>00570nz  a2200145n  4500</leader>
  <controlfield tag="001">no2008084190</controlfield>
  <controlfield tag="003">DLC</controlfield>
  <controlfield tag="005">20080608080835.0</controlfield>
  <controlfield tag="008">080606n| acannaabn          |a aaa     c</controlfield>
  <datafield tag="010" ind1=" " ind2=" ">
    <subfield code="a">no2008084190</subfield>
  </datafield>
  <datafield tag="035" ind1=" " ind2=" ">
    <subfield code="a">(OCoLC)oca07788487</subfield>
  </datafield>
  <datafield tag="040" ind1=" " ind2=" ">
    <subfield code="a">IEN-Mu</subfield>
    <subfield code="b">eng</subfield>
    <subfield code="c">IEN-Mu</subfield>
  </datafield>
  <datafield tag="100" ind1="1" ind2=" ">
    <subfield code="a">Ureña Revuelta, Víctor,</subfield>
    <subfield code="d">1927-2002</subfield>
  </datafield>
  <datafield tag="400" ind1="1" ind2=" ">
    <subfield code="a">Revuelta, Víctor Ureña,</subfield>
    <subfield code="d">1927-2002</subfield>
  </datafield>
  <datafield tag="670" ind1=" " ind2=" ">
    <subfield code="a">Ureña Revuelta, V. Pequena rapsodia galega, 2006:</subfield>
    <subfield code="b">t.p. (Víctor Ureña Revuelta) p. 3 (b. Mar. 22, 1927, Burgos, d. Oct. 8, 2002, Pamplona; Spanish bandmaster, educator, composer, arranger)</subfield>
  </datafield>
</record>